@book{Hennessy_Patterson_2017,
	Title = {Computer Architecture: A Quantitative Approach (6th Edition)},
	Author = {John L. Hennessy and David A. Patterson},
	Publisher = {Morgan Kaufmann},
	Year = {2017}
}

@article{akopyan2015truenorth,
  title={Truenorth: Design and tool flow of a 65 mw 1 million neuron programmable neurosynaptic chip},
  author={Akopyan, Filipp and Sawada, Jun and Cassidy, Andrew and Alvarez-Icaza, Rodrigo and Arthur, John and Merolla, Paul and Imam, Nabil and Nakamura, Yutaka and Datta, Pallab and Nam, Gi-Joon and others},
  journal={IEEE transactions on computer-aided design of integrated circuits and systems},
  volume={34},
  number={10},
  pages={1537--1557},
  year={2015},
  publisher={IEEE}
}

@inproceedings{ananthanarayanan2007anatomy,
  title={Anatomy of a cortical simulator},
  author={Ananthanarayanan, Rajagopal and Modha, Dharmendra S},
  booktitle={SC'07: Proceedings of the 2007 ACM/IEEE Conference on Supercomputing},
  pages={1--12},
  year={2007},
  organization={IEEE}
}

@inproceedings{ananthanarayanan2009cat,
  title={The cat is out of the bag: cortical simulations with 109 neurons, 1013 synapses},
  author={Ananthanarayanan, Rajagopal and Esser, Steven K and Simon, Horst D and Modha, Dharmendra S},
  booktitle={Proceedings of the Conference on High Performance Computing Networking, Storage and Analysis},
  pages={1--12},
  year={2009}
}

@inproceedings{preissl2012compass,
  title={Compass: A scalable simulator for an architecture for cognitive computing},
  author={Preissl, Robert and Wong, Theodore M and Datta, Pallab and Flickner, Myron and Singh, Raghavendra and Esser, Steven K and Risk, William P and Simon, Horst D and Modha, Dharmendra S},
  booktitle={SC'12: Proceedings of the International Conference on High Performance Computing, Networking, Storage and Analysis},
  pages={1--11},
  year={2012},
  organization={IEEE}
}

@inproceedings{arthur2012building,
  title={Building block of a programmable neuromorphic substrate: A digital neurosynaptic core},
  author={Arthur, John V and Merolla, Paul A and Akopyan, Filipp and Alvarez, Rodrigo and Cassidy, Andrew and Chandra, Shyamal and Esser, Steven K and Imam, Nabil and Risk, William and Rubin, Daniel BD and others},
  booktitle={the 2012 international joint conference on Neural networks (IJCNN)},
  pages={1--8},
  year={2012},
  organization={IEEE}
}

@article{painkras2013spinnaker,
  title={SpiNNaker: A 1-W 18-core system-on-chip for massively-parallel neural network simulation},
  author={Painkras, Eustace and Plana, Luis A and Garside, Jim and Temple, Steve and Galluppi, Francesco and Patterson, Cameron and Lester, David R and Brown, Andrew D and Furber, Steve B},
  journal={IEEE Journal of Solid-State Circuits},
  volume={48},
  number={8},
  pages={1943--1953},
  year={2013},
  publisher={IEEE}
}

@inproceedings{stromatias2013power,
  title={Power analysis of large-scale, real-time neural networks on SpiNNaker},
  author={Stromatias, Evangelos and Galluppi, Francesco and Patterson, Cameron and Furber, Steve},
  booktitle={The 2013 international joint conference on neural networks (IJCNN)},
  pages={1--8},
  year={2013},
  organization={IEEE}
}




@article{Tilley2017,
  title={Intel Begins Making Chips That Resemble The Brain},
  author={Aaron Tilley},
  journal={Forbes},
  url = {"https://www.forbes.com/sites/aarontilley/2017/09/25/intel-loihi-neuromorphic-chip/"},
  year={2017},
  publisher={Forbes Group}
}

@ARTICLE{8259423,  author={M. {Davies} and N. {Srinivasa} and T. {Lin} and G. {Chinya} and Y. {Cao} and S. H. {Choday} and G. {Dimou} and P. {Joshi} and N. {Imam} and S. {Jain} and Y. {Liao} and C. {Lin} and A. {Lines} and R. {Liu} and D. {Mathaikutty} and S. {McCoy} and A. {Paul} and J. {Tse} and G. {Venkataramanan} and Y. {Weng} and A. {Wild} and Y. {Yang} and H. {Wang}},  journal={IEEE Micro},   title={Loihi: A Neuromorphic Manycore Processor with On-Chip Learning},   year={2018},  volume={38},  number={1},  pages={82-99},}

@article{debole2019truenorth,
  title={TrueNorth: Accelerating from zero to 64 million neurons in 10 years},
  author={DeBole, Michael V and Taba, Brian and Amir, Arnon and Akopyan, Filipp and Andreopoulos, Alexander and Risk, William P and Kusnitz, Jeff and Otero, Carlos Ortega and Nayak, Tapan K and Appuswamy, Rathinakumar and others},
  journal={Computer},
  volume={52},
  number={5},
  pages={20--29},
  year={2019},
  publisher={IEEE}
}

@book {durer2001esynn,
  title = {ESyNN - a neuron model for the efficient simulation of correlation in neural networks},
  author = {D {\ "u} rer, Holger},
  year = {2001},
  publisher = {dissertation. de}
}

@ARTICLE{9007413,  author={E. {Talpes} and D. D. {Sarma} and G. {Venkataramanan} and P. {Bannon} and B. {McGee} and B. {Floering} and A. {Jalote} and C. {Hsiong} and S. {Arora} and A. {Gorti} and G. S. {Sachdev}},  journal={IEEE Micro},   title={Compute Solution for Tesla's Full Self-Driving Computer},   year={2020},  volume={40},  number={2},  pages={25-35},}

@INPROCEEDINGS{6468524,  author={R. {Preissl} and T. M. {Wong} and P. {Datta} and M. {Flickner} and R. {Singh} and S. K. {Esser} and W. P. {Risk} and H. D. {Simon} and D. S. {Modha}},  booktitle={SC '12: Proceedings of the International Conference on High Performance Computing, Networking, Storage and Analysis},   title={Compass: A scalable simulator for an architecture for cognitive computing},   year={2012},  volume={},  number={},  pages={1-11},}

@article{azevedo2009equal,
  title={Equal numbers of neuronal and nonneuronal cells make the human brain an isometrically scaled-up primate brain},
  author={Azevedo, Frederico AC and Carvalho, Ludmila RB and Grinberg, Lea T and Farfel, Jos{\'e} Marcelo and Ferretti, Renata EL and Leite, Renata EP and Filho, Wilson Jacob and Lent, Roberto and Herculano-Houzel, Suzana},
  journal={Journal of Comparative Neurology},
  volume={513},
  number={5},
  pages={532--541},
  year={2009},
  publisher={Wiley Online Library}
}

@article{maass1997networks,
  title={Networks of spiking neurons: the third generation of neural network models},
  author={Maass, Wolfgang},
  journal={Neural networks},
  volume={10},
  number={9},
  pages={1659--1671},
  year={1997},
  publisher={Elsevier}
}

@incollection{nelson1998hodgkin,
  title={The hodgkinâ€”huxley model},
  author={Nelson, Mark and Rinzel, John},
  booktitle={The book of genesis},
  pages={29--49},
  year={1998},
  publisher={Springer}
}

@article{mead1990neuromorphic,
  title={Neuromorphic electronic systems},
  author={Mead, Carver},
  journal={Proceedings of the IEEE},
  volume={78},
  number={10},
  pages={1629--1636},
  year={1990},
  publisher={IEEE}
}	

@article{indiveri2011neuromorphic,
  title={Neuromorphic silicon neuron circuits},
  author={Indiveri, Giacomo and Linares-Barranco, Bernab{\'e} and Hamilton, Tara Julia and Van Schaik, Andr{\'e} and Etienne-Cummings, Ralph and Delbruck, Tobi and Liu, Shih-Chii and Dudek, Piotr and H{\"a}fliger, Philipp and Renaud, Sylvie and others},
  journal={Frontiers in neuroscience},
  volume={5},
  pages={73},
  year={2011},
  publisher={Frontiers}
}

@inproceedings{bellec2018long,
  title={Long short-term memory and learning-to-learn in networks of spiking neurons},
  author={Bellec, Guillaume and Salaj, Darjan and Subramoney, Anand and Legenstein, Robert and Maass, Wolfgang},
  booktitle={Advances in Neural Information Processing Systems},
  pages={787--797},
  year={2018}
}

@inproceedings{diehl2016conversion,
  title={Conversion of artificial recurrent neural networks to spiking neural networks for low-power neuromorphic hardware},
  author={Diehl, Peter U and Zarrella, Guido and Cassidy, Andrew and Pedroni, Bruno U and Neftci, Emre},
  booktitle={2016 IEEE International Conference on Rebooting Computing (ICRC)},
  pages={1--8},
  year={2016},
  organization={IEEE}
}

@article{agarwal2015era,
  title={The era of neurosynaptics: neuromorphic chips and architecture},
  author={Agarwal, Siddhartha and Rastogi, Divyanshi and Singhal, Aayush},
  journal={European Scientific Journal},
  year={2015},
  publisher={European Scientific Journal}
}
	
@article{esser2016convolutional,
  title={Convolutional networks for fast, energy-efficient neuromorphic computing. 2016},
  author={Esser, SK and Merolla, PA and Arthur, JV and Cassidy, AS and Appuswamy, R and Andreopoulos, A and Berg, DJ and McKinstry, JL and Melano, T and Barch, DR and others},
  journal={Preprint on ArXiv. http://arxiv. org/abs/1603.08270. Accessed},
  volume={27},
  year={2016}
}

@article{muller1956theory,
  title={A theory of asynchronous circuits},
  author={Muller, David E},
  journal={Report 75, University of Illinois},
  year={1956}
}

@article{hsu2009much,
  title={How Much Power Does the Human Brain Require to Operate?},
  author={Hsu, Jeremy},
  journal={Popular Science},
  pages={2009--11},
  year={2009}
}

@article{jorgenson2005accounting,
  title={Accounting for growth in the information age},
  author={Jorgenson, Dale W},
  journal={Handbook of economic growth},
  volume={1},
  pages={743--815},
  year={2005},
  publisher={Elsevier}
}

@article{cronin2020fully,
  title={Fully automated analysis of muscle architecture from B-mode ultrasound images with deep learning},
  author={Cronin, Neil J and Finni, Taija and Seynnes, Olivier},
  journal={arXiv preprint arXiv:2009.04790},
  year={2020}
}

@article{modha2017introducing,
  title={Introducing a brain-inspired computer},
  author={Modha, Dharmendra S},
  journal={Published online at http://www. research. ibm. com/articles/brain-chip. shtml},
  year={2017}
}

@article{DBLP:journals/corr/abs-1803-09574,
  author    = {Guillaume Bellec and
               Darjan Salaj and
               Anand Subramoney and
               Robert A. Legenstein and
               Wolfgang Maass},
  title     = {Long short-term memory and Learning-to-learn in networks of spiking
               neurons},
  journal   = {CoRR},
  volume    = {abs/1803.09574},
  year      = {2018},
  url       = {http://arxiv.org/abs/1803.09574},
  archivePrefix = {arXiv},
  eprint    = {1803.09574},
  timestamp = {Mon, 13 Aug 2018 16:46:15 +0200},
  biburl    = {https://dblp.org/rec/journals/corr/abs-1803-09574.bib},
  bibsource = {dblp computer science bibliography, https://dblp.org}
}

%%%%%%%%%%%%%%%%%%%%%%%%%%%%%%%%%%%%%%%%%%%%%%%%%%%%%
%%%%%%references for other stuff%%%%%%%%%%%%%%%%%%%%%%
@inproceedings{esser2015backpropagation,
  title={Backpropagation for energy-efficient neuromorphic computing},
  author={Esser, Steve K and Appuswamy, Rathinakumar and Merolla, Paul and Arthur, John V and Modha, Dharmendra S},
  booktitle={Advances in neural information processing systems},
  pages={1117--1125},
  year={2015}
}

@article{pastur2016deep,
  title={Deep artificial neural networks and neuromorphic chips for big data analysis: pharmaceutical and bioinformatics applications},
  author={Pastur-Romay, Lucas Ant{\'o}n and Cedron, Francisco and Pazos, Alejandro and Porto-Pazos, Ana Bel{\'e}n},
  journal={International journal of molecular sciences},
  volume={17},
  number={8},
  pages={1313},
  year={2016},
  publisher={Multidisciplinary Digital Publishing Institute}
}

@inproceedings{shrestha2017spike,
  title={A spike-based long short-term memory on a neurosynaptic processor},
  author={Shrestha, Amar and Ahmed, Khadeer and Wang, Yanzhi and Widemann, David P and Moody, Adam T and Van Essen, Brian C and Qiu, Qinru},
  booktitle={2017 IEEE/ACM International Conference on Computer-Aided Design (ICCAD)},
  pages={631--637},
  year={2017},
  organization={IEEE}
}

@inproceedings{hwu2017self,
  title={A self-driving robot using deep convolutional neural networks on neuromorphic hardware},
  author={Hwu, Tiffany and Isbell, Jacob and Oros, Nicolas and Krichmar, Jeffrey},
  booktitle={2017 International Joint Conference on Neural Networks (IJCNN)},
  pages={635--641},
  year={2017},
  organization={IEEE}
}



%%%%%accesory paper%%%
@article{peng2018neuromorphic,
  title={Neuromorphic photonic integrated circuits},
  author={Peng, Hsuan-Tung and Nahmias, Mitchell A and De Lima, Thomas Ferreira and Tait, Alexander N and Shastri, Bhavin J},
  journal={IEEE Journal of Selected Topics in Quantum Electronics},
  volume={24},
  number={6},
  pages={1--15},
  year={2018},
  publisher={IEEE}
}

@article{wan2019emerging,
  title={Emerging artificial synaptic devices for neuromorphic computing},
  author={Wan, Qingzhou and Sharbati, Mohammad T and Erickson, John R and Du, Yanhao and Xiong, Feng},
  journal={Advanced Materials Technologies},
  volume={4},
  number={4},
  pages={1900037},
  year={2019},
  publisher={Wiley Online Library}
}